% Use this file for citations not found in the ACL Anthology (contained in "anthology.bib").

@InProceedings{reza2020,
    author={Kaykobad Reza, Md.
    and Islam, Rifat Rubayatul
    and Siddique, Sadik
    and Mostofa Akbar, Md.
    and Rahman, M. Sohel},
    editor={Uddin, Mohammad Shorif
    and Bansal, Jagdish Chand},
    title={Automatic Summarization of Scientific Articles from Biomedical Domain},
    booktitle={Proceedings of International Joint Conference on Computational Intelligence},
    year={2020},
    publisher={Springer Singapore},
    address={Singapore},
    pages={591--602},
    url={https://link.springer.com/chapter/10.1007/978-981-15-3607-6_47}
}

@article{cohan2018discourse,
  title={A discourse-aware attention model for abstractive summarization of long documents},
  author={Cohan, Arman and Dernoncourt, Franck and Kim, Doo Soon and Bui, Trung and Kim, Seokhwan and Chang, Walter and Goharian, Nazli},
  journal={arXiv preprint arXiv:1804.05685},
  year={2018},
  url={https://arxiv.org/abs/1804.05685}
}

@article{rogers2002google,
  title={The Google Pagerank algorithm and how it works},
  author={Rogers, Ian},
  year={2002},
  url = {https://cs.wmich.edu/gupta/teaching/cs3310/lectureNotes_cs3310/Pagerank%20Explained%20Correctly%20with%20Examples_www.cs.princeton.edu_~chazelle_courses_BIB_pagerank.pdf}
}

@article{bastos2021inverse,
  title={Inverse-Pagerank-particle swarm optimisation for inverse identification of hyperelastic models: a feasibility study},
  author={Bastos, Guilherme and Sales, Leonardo and Di Cesare, Noelie and Tayeb, Adel and Le Cam, J-B},
  journal={Journal of Rubber Research},
  volume={24},
  pages={447--460},
  year={2021},
  publisher={Springer},
  url = {https://link.springer.com/article/10.1007/s42464-021-00113-8}
}

@inproceedings{papineni2002bleu,
  title={Bleu: a method for automatic evaluation of machine translation},
  author={Papineni, Kishore and Roukos, Salim and Ward, Todd and Zhu, Wei-Jing},
  booktitle={Proceedings of the 40th annual meeting of the Association for Computational Linguistics},
  pages={311--318},
  year={2002},
  url={https://aclanthology.org/P02-1040.pdf}
}

@inproceedings{lin2003automatic,
  title={Automatic evaluation of summaries using n-gram co-occurrence statistics},
  author={Lin, Chin-Yew and Hovy, Eduard},
  booktitle={Proceedings of the 2003 human language technology conference of the North American chapter of the association for computational linguistics},
  pages={150--157},
  year={2003},
  url = {https://aclanthology.org/N03-1020.pdf}
}

@inproceedings{mihalcea2004textrank,
  title={Textrank: Bringing order into text},
  author={Mihalcea, Rada and Tarau, Paul},
  booktitle={Proceedings of the 2004 conference on empirical methods in natural language processing},
  pages={404--411},
  year={2004},
  url={https://aclanthology.org/W04-3252.pdf}
}

@inproceedings{devlin2019google,
  title={Google, KT, Language, AI: BERT: pre-training of deep bidirectional transformers for language understanding},
  author={Devlin, Jacob and Chang, Ming-Wei and Lee, Kenton},
  booktitle={Proceedings of NAACL-HLT},
  pages={4171--4186},
  year={2019}
}


@article{rogers2021primer,
  title={A primer in BERTology: What we know about how BERT works},
  author={Rogers, Anna and Kovaleva, Olga and Rumshisky, Anna},
  journal={Transactions of the Association for Computational Linguistics},
  volume={8},
  pages={842--866},
  year={2021},
  publisher={MIT Press One Rogers Street, Cambridge, MA 02142-1209, USA journals-info~â€¦},
  url={https://direct.mit.edu/tacl/article/doi/10.1162/tacl_a_00349/96482/A-Primer-in-BERTology-What-We-Know-About-How-BERT}
}

@article{liu2019text,
  title={Text summarization with pretrained encoders},
  author={Liu, Yang and Lapata, Mirella},
  journal={arXiv preprint arXiv:1908.08345},
  year={2019},
  url = {https://arxiv.org/abs/1908.08345}
}

@inproceedings{widyassari2019literature,
  title={Literature review of automatic text summarization: research trend, dataset and method},
  author={Widyassari, Adhika Pramita and Affandy, Affandy and Noersasongko, Edy and Fanani, Ahmad Zainul and Syukur, Abdul and Basuki, Ruri Suko},
  booktitle={2019 International Conference on Information and Communications Technology (ICOIACT)},
  pages={491--496},
  year={2019},
  organization={IEEE},
  url = {https://ieeexplore.ieee.org/abstract/document/8938454?casa_token=A7NDwOTD9boAAAAA:guiRc1dTp7kmsJgGI8BnF0q9HBU5Eia4CcFCsyn8Ls74UgvxFNpkIbzHcgwGphKINWJf25Q}
}

@inproceedings{garcia2008text,
  title={Text summarization by sentence extraction using unsupervised learning},
  author={Garc{\'\i}a-Hern{\'a}ndez, Ren{\'e} Arnulfo and Montiel, Romyna and Ledeneva, Yulia and Rend{\'o}n, Er{\'e}ndira and Gelbukh, Alexander and Cruz, Rafael},
  booktitle={MICAI 2008: Advances in Artificial Intelligence: 7th Mexican International Conference on Artificial Intelligence, Atizap{\'a}n de Zaragoza, Mexico, October 27-31, 2008 Proceedings 7},
  pages={133--143},
  year={2008},
  organization={Springer},
  url = {https://link.springer.com/chapter/10.1007/978-3-540-88636-5_12}
}
